@misc{gpublog,
    author = "Jason Dsouza",
    title = "What is a GPU and do you need one in Deep Learning?",
    url = "https://towardsdatascience.com/what-is-a-gpu-and-do-you-need-one-in-deep-learning-718b9597aa0d",
    year = "2020"
}

@misc{matrixmulforum,
    author = "James Tursa",
    title = "Speed of Matrix-Multiplication (in Matlab, C, other PCs)",
    url = "https://www.mathworks.com/matlabcentral/answers/235094-speed-of-matrix-multiplication-in-matlab-c-other-pcs",
    year = "2015"
}

@misc{matlabannounce,
    author = "Cleve Moler",
    title = "MATLAB Incorporates LAPACK",
    url = "https://www.mathworks.com/company/newsletters/articles/matlab-incorporates-lapack.html",
    year = "2000"
}

@misc{stackoverflow,
    author = "Reed Copsey and Catskul",
    title = "What are the most widely used C++ vector/matrix math/linear algebra libraries, and their cost and benefit tradeoffs?",
    url = "https://stackoverflow.com/questions/1380371/what-are-the-most-widely-used-c-vector-matrix-math-linear-algebra-libraries-a",
    year = "2009"
}

@misc{zeroforum,
    author = "Stephen Cobeldick",
    title = "Setting array elements to zero, the best way",
    url = "https://www.mathworks.com/matlabcentral/answers/443220-setting-array-elements-to-zero-the-best-way",
    year = "2019"
}
