@misc{blockmul,
    author = "CodeEmporium",
    title = "How do GPUs speed up Neural Network training?",
    url = "https://youtu.be/EKD1kEMNeeU",
    year = "2020"
}

@article{imagenet,
    author = "Alex Krizhevsky and Ilya Sutskever and Geoffrey E. Hinton",
    DOI = "https://doi.org/10.1145/3065386",
    journal = "Communications of the ACM",
    number  = "6",
    pages   = "84--90",
    title = "ImageNet Classification with Deep Convolutional Neural Networks",
    volume  = "60",
    year    = "2017"
}

@misc{partut,
    author = "Harald Brunnhofer",
    title = "Parallel and GPU Computing Tutorials",
    url = "https://www.mathworks.com/videos/series/parallel-and-gpu-computing-tutorials-97719.html",
    year = "2015"
}

@misc{gpublog,
    author = "Jason Dsouza",
    title = "What is a GPU and do you need one in Deep Learning?",
    url = "https://towardsdatascience.com/what-is-a-gpu-and-do-you-need-one-in-deep-learning-718b9597aa0d",
    year = "2020"
}

@misc{matrixmulforum,
    author = "James Tursa",
    title = "Speed of Matrix-Multiplication (in Matlab, C, other PCs)",
    url = "https://www.mathworks.com/matlabcentral/answers/235094-speed-of-matrix-multiplication-in-matlab-c-other-pcs",
    year = "2015"
}

@misc{matlabannounce,
    author = "Cleve Moler",
    title = "MATLAB Incorporates LAPACK",
    url = "https://www.mathworks.com/company/newsletters/articles/matlab-incorporates-lapack.html",
    year = "2000"
}

@misc{stackoverflow,
    author = "Reed Copsey and Catskul",
    title = "What are the most widely used C++ vector/matrix math/linear algebra libraries, and their cost and benefit tradeoffs?",
    url = "https://stackoverflow.com/questions/1380371/what-are-the-most-widely-used-c-vector-matrix-math-linear-algebra-libraries-a",
    year = "2009"
}

@misc{profilervid,
    author = "Doug Hull",
    title = "Profiler to Find Code Bottlenecks",
    url = "https://www.mathworks.com/videos/profiler-to-find-code-bottlenecks-97502.html",
    year = "2006"
}

@misc{matlabimprove,
    author = "MathWorks",
    title = "Techniques to Improve Performance",
    url = "https://www.mathworks.com/help/matlab/matlab_prog/techniques-for-improving-performance.html",
    year = "2021"
}

@misc{zeroforum,
    author = "Stephen Cobeldick",
    title = "Setting array elements to zero, the best way",
    url = "https://www.mathworks.com/matlabcentral/answers/443220-setting-array-elements-to-zero-the-best-way",
    year = "2019"
}
